3072 4608
1196 454 768 127 Du dit jour vingt huit Mi

711 516 1858 148 Entre Madame Elisa lécité Prévert, cocsetière, épause

685 607 1805 128 assittée, et autorisée du sieur conatale cenest Palhctisi, et ce

700 691 1901 114 rerier demeurant et domocidiés ensemble, les dits époux, à Paris,rue

707 761 1851 146 hu facutouroissomere, numér sopt ; Deatandeurs, Comparant ;

698 850 1843 137 D’une part; t Monsieur Durey, demeuvant à Paril ue du

712 935 1845 112 sioibourg ois sonniére, nméro cinqnchez Monsneur Bouve

726 998 1850 149 age dent an momet comme eaigé le l’admanis tratien dela

716 1088 1740 122 personne et des biens de sa fille mineure Maria Duraie

728 1161 1822 151 apprentre ; Défendeut ; Défaitiant.; D’autre part, Pont

719 1256 1785 126 te fait  Par letre du seccétesée du Conseil de Prudhommes du

699 1327 1844 140 Département de la Seine pour l’ondustrie des tissus tabli à Paris

715 1416 1870 153 en date du Lundi dux sépt Mai mil huit cent cinquante huit

706 1500 1848 129 lesepoux bsathêtier ft oiter Daray, ès nom et quaites qu’il agit

718 1570 1882 144 à comparaître pardevant le dit Conseil de Prud’hommes éant en

719 1666 1865 130 Bureau Particulier le Mardi dix hoit Maimil huit cent

713 1741 1845 146 ciinquante huit pour s concilier i faire se ouvant sar la demande

734 1822 1851 156 qu’its entendaent former coutre lui devant le dit Conscil en exécntion

733 1918 1897 143 de Conventions verbale d’uppientissage. A l’appel de la cause

750 1997 1869 149 le dit jour, les époux Pate lier se présentérent et exposèrent au

732 2083 1890 167 Conseil que suivant conventians verbales intervenies ents ’e uxres le

734 2178 1861 169 sieur Duroy le premier septembre mil huit cent cinquante apt

721 2248 1924 159 Duray à place chefuie sa fille mineure Marda pour dux amer

749 2328 1904 201 à partir du dit jour; à chargeper eux de lui apprendre l’adat douvrière

743 2423 1917 166 encorset, de la nourivet lges pensant taute la durée de l’apprentissute

755 2482 1863 205 que molgre ces conventians Duray à rétiré du fille sans eucun mofift

762 2587 1890 176 plausile  qu’ils deman dent sa rentrée qule puiement de la somme

741 2657 1885 189 de tris cents francr à titre dindemite . La dame Duraque

726 2733 1915 219 présenta et déclava au Conseil avair retiré su fille des otetiers des

736 2840 1937 200 épau Gathelier parcejue ceueit se quérellaient souvent en

768 2920 1918 192 présence de l’apprentie qau soineprayait au pont de sen fairérmat;

775 3018 1935 186 que de plus les demandeurs ne t’uployaient pas aux travaux quiont

774 3084 1919 202 lot er cditi. ité l’rdjet des cnditions demba esnqud’itmelaunpsayen

764 3182 1954 211 qu’a condre des Jupons et inon à la confection de eorset. Le toureau

781 3265 1901 205 Particle lat d’avis qu’une en qaiête serait faite au omeile des

788 3368 1895 194 époux lsattelien à luffes de s’enquerur de la veaité à eux éproites.

780 3441 1913 208 lajourna la cause au Mercredi vingt six Mai meme mons. Le

779 3520 1937 209 Bureon Particulier du vingt sux Mai fus daisqu’il n’iy avans purnnit

781 3619 1952 216 poir rompre les concentions verbale d’apprentissage Lengagea

799 3704 1947 198 la une Duroya faire rentier sa fte chaz tes époux retedenan

802 3786 1963 252 à leux payer la somme te quatre vinges franes locepux ttetete
