2170 3508
176 288 78 40 278

515 257 1227 63 N° 43. — BRIGADIER 1)E LA GARDE RÉPUBLICAINE.

515 357 1236 79 § 14. — BUDGET DES RECETTES DE L’ANNÉE.

733 573 570 43 SOURCES DES RECETTES.

601 989 844 51 Propriétés possédées par la famille.

227 1217 1600 69 La famille possède dans le département des Pyrénées-Orientales, à Olet, une

269 1272 1558 67 petite propriété achetée par le mari il y a quatre ans et administrée par

270 1324 1557 59 une de ses tantes. .(tî)

692 1460 663 45 Art. 2. — Valeurs mobilières.

227 1595 1604 67 2 obligations 3 pour cent de la Ville de Paris, emprunt 1871.(6)

231 1706 948 57 Matériel spécial des travaux et industries :

460 1769 1374 63 Matériel de repassage du linge.(61

460 1822 1377 64 Machine à coudre pour les travaux de la femme.(6)

273 1912 1523 58 Art. 3.— Droits aux allocations de sociétés d’assurances mutuelles.

228 2012 1582 65 (La famille n’est liée à aucune société île ce genre).

666 2091 1145 59 Valeur totale des propriétés.

899 2190 264 35 SECTION II.

1871 498 171 21 EVALUATION

1860 525 193 39 approximative

1889 605 138 24 sources

1850 632 211 32 de recettes.

1856 846 208 40 propriétés.

1910 1315 123 33 1800 f.

1934 1594 122 33 796 00

1990 1766 78 33 4 10

1947 1819 123 34 250 00

1913 2103 160 38 2,850 10

628 2248 801 53 Subventions reçues par la famille.

557 2305 934 54 Art. 1er. — Propriétés reçues en usufruit.

226 2353 1906 72 (I.a famille ne reçoit aucune propriété en usufruit).

451 2422 1172 51 Art. 2. — Droits d'usages sur les propriétés voisines.

229 2471 1905 72 (La famille ne jouit d'aucun droit de ce genre)...

526 2544 999 49 Art. 3. — Allocations d'objets et de services.

229 2589 1907 76 Allocations concernant la nourriture ou le surcroît de dépense occasionné par le séjour

523 2649 1614 61 dans Paris, et indemnités de diverses natures.

481 2785 1282 61 concernant l'habitation, le blanchissage et les vêtements.

483 2975 835 53 concernant les besoins moraux, etc..
