2170 3508
594 304 735 45 OBSERVATIONS PRÉLIMINAIRES.

1700 309 77 38 277

155 411 1624 55 soldat français. Pendant la guerre de 1870, il fut blessé à Grave-

153 477 1626 56 lotte-, fait prisonnier après la capitulation de Met/, il passa son

154 543 1622 56 temps de captivité dans un camp, en Hanovre. De retour en

152 607 1627 56 France, il entra dans la Garde républicaine, devint rapidement

153 676 532 53 brigadier et se maria.

203 738 1574 54 Sa femme est issue d’une famille d’Auvergnats qui vinrent

150 804 1629 56 s’établir à Paris pour y ramasser un pécule ; ils parvinrent à

150 870 1627 55 acquérir une position modeste et conservèrent avec ténacité les

148 934 1630 55 habitudes de leur pays. Leurs enfants reçurent une saine éduca¬

146 1000 1631 55 tion qui les préserva de l'influence démoralisatrice du milieu

147 1066 1631 54 parisien ; aussi I)'", en se mariant, choisit-il une épouse sé¬

146 1131 1632 49 rieuse, aimant le travail et la vie d’intérieur, active et habile à

147 1197 1629 54 la coulure et aux travaux du ménage. Elle n’éprouverait aucun

144 1262 1632 55 regret de quitter Paris, où elle et ses enfants s’étiolent. Elle voit

145 1327 1629 56 avec satisfaction approcher l'époque de la retraite de son mari.

144 1392 1633 54 Celui-ci attend le moment, qui est proche, où il recevra la croix

145 1457 1632 54 de la Légion-d’Honneur : alors il se retirera avec sa famille et

144 1522 1633 55 les parents de sa femme dans les Pyrénées-Orientales, où il trou¬

141 1587 1634 56 vera une installation plus confortable et tout le bien-être que

143 1656 529 50 procure la vie rurale.

222 1763 1473 50 § 13. — MŒURS ET INSTITUTIONS ASSURANT LE BIEN-ETRE

502 1837 904 41 PHYSIQUE ET MORAL DE LA FAMILLE.

196 1926 1580 54 La famille doit son bien-être à la position du mari, aux qua¬

144 1991 1630 55 lités de la femme et à l’accord qui règne entre eux. Ce bien-être

144 2057 1627 54 ne serait que temporaire, si le brigadier I)“* n’avait pas reçu un

143 2121 1628 56 petit héritage et s’il n’avait pas eu la sagesse d’en consacrer une

144 2187 1624 54 partie à l’achat d’un bien rural. La rétribution pécuniaire qui lui

146 2252 1625 54 sera donnée, sous forme de pension, à sa retraite, serait insuffi¬

146 2317 1625 54 sante pour lui permettre de vivre indépendant à Paris et il devrait

145 2382 1622 55 alors se livrer à des travaux pénibles qui l'épuiseraient vite.

143 2448 1626 56 Aucun lien du reste n'attache les époux à la capitale ; ils n’y ont

141 2514 1627 53 contracté aucune relation sérieuse et ils sont toujours restés

142 2578 1625 56 étrangers aux préoccupations politiques et aux haines envieuses

139 2642 1626 57 de la population parisienne. Le mari aura 1,200 francs de retraite;

140 2709 1626 55 il sera logé gratuitement dans son bien et pourra obtenir de

138 2766 1628 62 l’État un bureau de tabac à Olet; pendant la belle saison, il sera

137 2838 1627 55 employé au Graous, établissement de bains à quatre kilomètres

136 2902 1627 56 d’Olet, qui communique avec cet endroit par un service de voitures

137 2968 1623 55 publiques. En ce moment le petit bien où doit se retirer la famille,

136 3032 1623 55 est administré par une tante de D*“ et amélioré chaque année.

135 3097 1624 55 Il y a donc là pour elle une source certaine de bien-être, qui lui

133 3162 1527 54 permettra de bien élever les enfants et d’assurer leur avenir.

1561 3235 49 39 10
