2170 3508
310 248 1424 42 276 N° 43. — BRIGADIER DE LA GARDE RÉPUBLICAINE.

312 356 1621 52 Pendant la Révolution, chargé de procéder à l’arrestation de

310 422 1622 52 plusieurs familles nobles du pays, il les faisait avertir secrète¬

310 486 1623 52 ment et trouvait leurs maisons vides quand il arrivait : il sauva

309 552 1625 51 ainsi le comte de Monferré dont le fils, devenu plus tard chef de

309 617 1623 51 légion de gendarmerie dans les Pyrénées-Orientales, lui en

310 682 1211 50 témoigna sa gratitude en protégeant ses enfants.

362 747 1571 50 Le père de D“* naquit à Olet. Engagé sous la Restauration dans

307 812 1626 50 une légion départementale, il arriva vite sous-lieutenant, grâce

308 877 1626 51 à l’appui des Mont ferré. Il se distingua par sa bravoure au siège

307 942 1625 50 d’Anvers, au Panthéon en 1830, puis dans la guerre d’Afrique.

307 1007 1626 50 Il devint ainsi capitaine de grenadiers. Revenu en France, il

307 1073 1624 50 occupa avec son régiment plusieurs villes de garnison : Avignon,

306 1138 1629 51 Besançon, Lons-le-Saulnier, Montmédy, Amiens, Montreuil-sur-

308 1203 1626 48 Mer, Ham. Ces changements continuels étaient très onéreux et

307 1267 1625 52 très pénibles, car il s’était marié à Olet avec une parente éloi¬

305 1332 1626 51 gnée, tille d’un pharmacien, et cette union avait été féconde.

307 1396 1624 52 Il prit sa retraite dans ce pays et sa femme y mourut en 1850;

308 1461 1625 51 lui-mèine mourut en 1858, à l’âge de 61 ans, des suites d’une

306 1528 1626 51 chute de cheval, en allant au pèlerinage de Font-Romeu, en

307 1593 1289 51 France, sanctuaire très fréquenté par les Espagnols.

360 1664 1571 51 1)’** naquit à Olet en 1838. Il suivit, tout enfant, son père dans

307 1731 1625 49 plusieurs garnisons et revint avec lui au lieu de sa retraite. A sa

305 1795 1626 51 mort, il entra comme enfant de troupe dans un régiment d’infan¬

307 1861 1625 50 terie â Perpignan : les enfants de troupe, qui sont, aujourd'hui

306 1926 1627 52 l’objet d’une grande sollicitude, étaient alors complètement

306 1991 1623 51 abandonnés. I)*** s’engagea â 17 ans dans l’infanterie de ligne ;

306 2056 1626 51 à 18 ans, il était caporal et entrait avec ce grade aux grenadiers

306 2121 1626 51 de la Garde impériale. Il resta deux ans à Paris ; mais, écœuré

306 2187 1625 51 du spectacle de la vie dissolue de la capitale et se sentant mal à

308 2252 1623 52 l’aise vis-â-vis des vieux soldats de Crimée, il partit en Afrique

308 2316 1624 52 aux zouaves. Il lit la campagne d’Italie, prit part aux batailles

308 2381 1624 51 de Montebello et de Marignan, et lâ reçut quatre blessures; il

308 2447 1621 51 resta en Italie, à Milan et à Pavie, avec l’année d’occupation,

309 2512 1619 53 puis revint en Afrique faire la campagne du Maroc, où il éprouva,

309 2578 1624 51 ainsi (pie toute l'expédition, de grandes misères. Il lit la cam¬

308 2642 1624 53 pagne de Syrie et lut témoin des affreux massacres de Deir-el-

307 2707 1623 49 Kamar et de Damas ; car, â l’arrivée des Français, les cadavres

309 2773 1622 52 égorgés n’avaient pas encore été enlevés et on les voyait serrés

308 2838 1622 50 dans les bras l’un de l’autre. Il fut ensuite envoyé au Mexique où

308 2903 1623 50 il eut de grandes fatigues â supporter; il lit partie de colonnes

307 2967 1624 52 volantes qui sillonnèrent tout le pays et il y vécut toujours en

308 3032 1624 52 très bonne intelligence avec les indigènes, dont il parlait la

309 3096 1621 55 langue et qui étaient généralement pleins d’urbanité pour le
