2170 3508
682 280 732 44 OBSERVATIONS PRÉLIMINAIRES.

1789 285 79 39 275

284 384 755 46 Vêtements De la fille ((il fr. (iO).

283 457 1580 52 1° Vêtements du dimanche. — 1 robe noire, 6 fr. — 1 palelot en drap

233 516 1631 49 gris. 1 fr. 30. — 1 loque astrakan, 1 fr. 30. — 1 paire de bottines blanches

234 576 1625 50 en peau. Sfr. — 2 pantalons blancs en calicot, 3 fr. — i jupons blancs en

233 635 1630 49 calicot. 2 fr. — 2 tabliers blancs, 2 fr. 30. — 1 paire de gants. o fr. 23. —

237 695 1064 46 1 paire de mitaines, 0 fr. 23. — Total : 19 francs.

278 754 1586 49 2° Vêtements de la semaine. — 1 robe bleue en drap, 1 fr. — 3 robes

229 813 1634 51 grises. 2 fr. — 1 robe cachemire, 3 fr. — 1 manteau, 1 fr. — 1 toque

229 873 1631 49 astrakan. 0 fr. 3o. — 1 chemises. 3 fr. — ü mouchoirs de poche, (i fr. Ou.

229 934 1632 49 — fi paires de bas de colon. 2 fr. — 2 paires de bas de laine. 2 fr. —

228 993 1632 47 1 paire de bas de laine. O fr. 73. — 1 bonnets de nuit en couleur. 1 fr. —

227 1052 1631 41 fi fichus de cou, 1 fr. 30. — 2 foulards. O fr. 30. — 3 tabliers en cotonnade.

225 1112 1631 50 3 fr. — I paire de galoches, 1 fr. 30. — 1 paire de bottines noires, 3 fr. —

229 1171 1631 52 1 chapeau blanc en paille d'Italie, 3 fr. — 1 capeline. O fr. 73. — 1 paire

224 1230 1104 50 de souliers pour l’été. O fr. 30. — Total : 32 fr. fin.

271 1292 1281 47 3° Bijoux. — 1 paire de boucles d'oreilles en or, lu francs.

277 1370 1582 49 Valeur totale du mobilier et des vêtements. . 2,315 fr. 56

767 1476 544 50 § 11. — RÉCRÉATIONS

273 1578 1578 52 La famille toute entière prend plaisir, le dimanche, à visiter

217 1643 1633 52 des parents ou des amis ; quelquefois même, dans ce but, elle se

217 1710 1633 43 rend aux environs de Paris. Plusieurs fois dans l'année, elle

217 1775 1633 51 donne des repas de famille et on souhaite alors la fête aux

216 1842 1631 52 parents ainsi qu’à leurs enfants : on mange dans ces repas un

215 1906 1634 52 lapin, avec la soupe et le pot-au-feu, une salade et un dessert. Le

216 1972 1630 53 frère du chef de famille, le comptable, assiste à deux de ces repas.

269 2038 1573 50 Le mari (ait usage du tabac à fumer, mais avec modération. Il

214 2104 1632 51 est i n outre astreint, par sa position, à exercer quelques devoirs

215 2168 1632 51 d’hospitalité envers des camarades de passage à Paris ; il leur

215 2233 1097 51 fait alors une petite invitation à sa caserne.

267 2298 1579 53 La femme a pour distraction deux chats, qu’elle nourrit et qui

215 2363 1631 54 sont exercés à ouvrir eux-mêmes la porte, en soulevant le loquet.

267 2429 1577 52 Lu résumé, la famille ne se désunit pas pour prendre ses

213 2493 1628 52 récréations et, si quelques dépenses sont inutiles, elle les fait

214 2559 839 41 ensemble et d’un commun accord.

996 2675 55 37 IV

723 2777 605 44 Histoire de la famille.

450 2888 1149 49 § 12. — PHASES PRINCIPALES DE L’EXISTENCE.

266 3001 1569 53 Le grand’père paternel de D*“ naquit en 1758 à Olet (Pyrénées-

211 3065 1621 53 Orientales) et mourut en 1845 à l’âge de 87 ans. Il était, sous

214 3131 1616 51 l’ancien régime, maréchal des logis dans les miquelets, à Olet.
