4608 3072
1119 352 2580 133 sept Albarede, ès noms qu’il agit, fit la demoiselle

1145 472 2635 134 Desgranges à Comparaître par devant le Conseil de Prud’hommes

1106 590 2643 139 pour l’industrie des tissus, séant en Bureau Particuliers les

1122 721 2657 123 samedi dix neuf et Lundi vingt un Décembre mil huit cent

1127 844 2647 118 Cinquante sept pour se concilier si faire se pouvait sur la

1143 966 2660 122 demande qu’il entendait former contre elle devant le dit Conseil

1115 1091 2688 115 en paiement de la somme de trente huit francs qu’elle lui doit

1112 1220 2668 118 pour prix de travaux de sa fille. La demoiselle Desgranges

1091 1343 2709 117 n’ayant pas comparu la cause fut renvoyée devant le Bureau

1139 1469 2670 115 Général du dit Conseil séant le Vendredi vingt quatre

1097 1595 2691 111 Décembre mil huit cent Cinquante sept et ajournée au

1095 1721 2715 112 vendredi huit Janvier mil huit Cent Cinquante huit. Citée

362 659 263 130 citer

374 847 404 186 Lecucq
